<record><leader>00000cas a2200000 a 4500</leader><controlfield tag="001">26875776</controlfield><controlfield tag="008">921028d19371941ilumr ne      0   a0eng c</controlfield><datafield ind1=" " ind2=" " tag="010"><subfield code="a">sn 92060550 </subfield></datafield><datafield ind1=" " ind2=" " tag="040"><subfield code="a">YOX</subfield><subfield code="b">eng</subfield><subfield code="c">YOX</subfield><subfield code="d">NVF</subfield><subfield code="d">OCL</subfield><subfield code="d">OCLCQ</subfield><subfield code="d">CNK</subfield><subfield code="d">CUS</subfield><subfield code="d">OCLCQ</subfield><subfield code="d">NVF</subfield><subfield code="d">OCLCO</subfield><subfield code="d">NVF</subfield><subfield code="d">OCLCO</subfield></datafield><datafield ind1="1" ind2=" " tag="029"><subfield code="a">AU@</subfield><subfield code="b">000020725504</subfield></datafield><datafield ind1=" " ind2=" " tag="042"><subfield code="a">pcc</subfield></datafield><datafield ind1=" " ind2=" " tag="043"><subfield code="a">n-us---</subfield><subfield code="a">n-us-il</subfield></datafield><datafield ind1="0" ind2="0" tag="245"><subfield code="a">Bags &amp; baggage.</subfield></datafield><datafield ind1="3" ind2=" " tag="246"><subfield code="a">Bags and baggage</subfield></datafield><datafield ind1=" " ind2=" " tag="260"><subfield code="a">Chicago, Ill. :</subfield><subfield code="b">International Brotherhood of Red Caps,</subfield><subfield code="c">1937-1941.</subfield></datafield><datafield ind1=" " ind2=" " tag="300"><subfield code="a">v.</subfield></datafield><datafield ind1=" " ind2=" " tag="310"><subfield code="a">Monthly</subfield></datafield><datafield ind1="0" ind2=" " tag="362"><subfield code="a">Vol. 1, no. 1 (Aug. 1937)-</subfield></datafield><datafield ind1="1" ind2=" " tag="362"><subfield code="a">Ceased in 1941.</subfield></datafield><datafield ind1=" " ind2=" " tag="500"><subfield code="a">"Devoted to the economic interest of the 75,000 organizationally dispossessed firemen, brakemen, trackmen, porters and others employed in the R.R. [i.e. railroad] industry."</subfield></datafield><datafield ind1=" " ind2=" " tag="588"><subfield code="a">Latest issue consulted: Jan. 4, 1943.</subfield></datafield><datafield ind1=" " ind2="0" tag="650"><subfield code="a">African Americans</subfield><subfield code="v">Newspapers.</subfield></datafield><datafield ind1=" " ind2="0" tag="650"><subfield code="a">Railroads</subfield><subfield code="x">Employees</subfield><subfield code="x">Labor unions</subfield><subfield code="z">United States</subfield><subfield code="v">Newspapers.</subfield></datafield><datafield ind1=" " ind2="0" tag="650"><subfield code="a">Railroads</subfield><subfield code="x">Labor unions</subfield><subfield code="z">United States</subfield><subfield code="v">Newspapers.</subfield></datafield><datafield ind1=" " ind2="0" tag="650"><subfield code="a">Labor unions</subfield><subfield code="z">United States</subfield><subfield code="v">Newspapers.</subfield></datafield><datafield ind1=" " ind2="0" tag="651"><subfield code="a">Chicago (Ill.)</subfield><subfield code="v">Newspapers.</subfield></datafield><datafield ind1="2" ind2="2" tag="710"><subfield code="a">International Brotherhood of Red Caps.</subfield><subfield code="k">Newspapers.</subfield></datafield><datafield ind1="2" ind2=" " tag="710"><subfield code="a">United Transport Service Employees of America.</subfield><subfield code="k">Newspapers.</subfield></datafield><datafield ind1=" " ind2=" " tag="752"><subfield code="a">United States</subfield><subfield code="b">Illinois</subfield><subfield code="c">Cook</subfield><subfield code="d">Chicago.</subfield></datafield><datafield ind1="0" ind2="1" tag="785"><subfield code="t">Negro railroader</subfield><subfield code="w">(DLC)sn 92060557</subfield><subfield code="w">(OCoLC)26964003</subfield></datafield></record>